@Book{EuEcon,
  author    = {C. R. da Cunha},
  publisher = {CRC Press},
  title     = {Introduction to Econophysics, Contemporary approaches with python simulations},
  year      = {2022},
  address   = {Boca Raton, FL},
}

@Article{herd,
  author  = {A. V. Banerjee},
  journal = {Q. J. Econ.},
  title   = {A simple model of herd behavior},
  year    = {1992},
  number  = {3},
  pages   = {797--817},
  volume  = {107},
}

@article{Lee2022,
   doi = {10.2139/SSRN.4069545},
   journal = {SSRN Electronic Journal},
   keywords = {Chris Kempes,Edward Lee,Geoffrey West,SSRN,citations,evolution,firms,idea lattice,innovation,obsolescence},
   month = {3},
   publisher = {Elsevier BV},
   title = {Idea Engines: A Unified Theory of Innovation and Obsolescence From Markets and Genetic Evolution to Science},
   url = {https://papers.ssrn.com/abstract=4069545},
   year = {2022},
}
@article{LeGuillou,
   author = {J. C. Le Guillou and J. Zinn-Justin},
   doi = {10.1103/PhysRevB.21.3976},
   issn = {01631829},
   issue = {9},
   journal = {Physical Review B},
   month = {5},
   pages = {3976},
   publisher = {American Physical Society},
   title = {Critical exponents from field theory},
   volume = {21},
   url = {https://journals.aps.org/prb/abstract/10.1103/PhysRevB.21.3976},
   year = {1980},
}
@article{Ambegaokar1980,
   author = {Vinay Ambegaokar and B. I. Halperin and David R. Nelson and Eric D. Siggia},
   doi = {10.1103/PhysRevB.21.1806},
   issn = {01631829},
   issue = {5},
   journal = {Physical Review B},
   month = {3},
   pages = {1806},
   publisher = {American Physical Society},
   title = {Dynamics of superfluid films},
   volume = {21},
   url = {https://journals.aps.org/prb/abstract/10.1103/PhysRevB.21.1806},
   year = {1980},
}
@article{Klein1980,
   author = {B. M. Klein and D. A. Papaconstantopoulos and L. L. Boyer},
   doi = {10.1103/PhysRevB.22.1946},
   issn = {01631829},
   issue = {4},
   journal = {Physical Review B},
   month = {8},
   pages = {1946},
   publisher = {American Physical Society},
   title = {Linear-combination-of-atomic-orbitals-coherent-potential-approximation studies of carbon vacancies in the substoichiometric refractory monocarbides <span class="aps-inline-formula"><math xmlns="http://www.w3.org/1998/Math/MathML" display="inline"><mi mathvariant="normal">Nb</mi><mrow><msub><mrow><mi mathvariant="normal">C</mi></mrow><mrow><mi>x</mi></mrow></msub></mrow></math></span>, <span class="aps-inline-formula"><math xmlns="http://www.w3.org/1998/Math/MathML" display="inline"><mi mathvaria},
   volume = {22},
   url = {https://journals.aps.org/prb/abstract/10.1103/PhysRevB.22.1946},
   year = {1980},
}

